<record><leader>00000cas a22000007a 4500</leader><controlfield tag="001">17955077</controlfield><controlfield tag="008">880514d19181920nduwr ne      0    0eng d</controlfield><datafield ind1=" " ind2=" " tag="010"><subfield code="a">sn 88076043 </subfield></datafield><datafield ind1=" " ind2=" " tag="040"><subfield code="a">NOP</subfield><subfield code="b">eng</subfield><subfield code="c">NOP</subfield><subfield code="d">OCLCQ</subfield></datafield><datafield ind1=" " ind2=" " tag="042"><subfield code="a">msc</subfield></datafield><datafield ind1="0" ind2="0" tag="245"><subfield code="a">Roseglen journal.</subfield></datafield><datafield ind1=" " ind2=" " tag="260"><subfield code="a">Roseglen, McLean County, N.D. :</subfield><subfield code="b">Thos. Buchanan</subfield></datafield><datafield ind1=" " ind2=" " tag="300"><subfield code="a">3 v. :</subfield><subfield code="b">ill. ;</subfield><subfield code="c">55 cm.</subfield></datafield><datafield ind1=" " ind2=" " tag="310"><subfield code="a">Weekly</subfield></datafield><datafield ind1="0" ind2=" " tag="362"><subfield code="a">Vol. 1, no. 43 (June 15, 1918)-v. 3, no. 51 (Aug. 7, 1920).</subfield></datafield><datafield ind1=" " ind2=" " tag="530"><subfield code="a">Available on microfilm from the State Historical Society of North Dakota.</subfield></datafield><datafield ind1=" " ind2=" " tag="752"><subfield code="a">United States</subfield><subfield code="b">North Dakota</subfield><subfield code="c">McLean</subfield><subfield code="d">Roseglen.</subfield></datafield><datafield ind1="0" ind2="0" tag="780"><subfield code="t">Wabek messenger</subfield><subfield code="w">(DLC)sn 88076044</subfield></datafield><datafield ind1="0" ind2="4" tag="785"><subfield code="t">Douglas herald (Douglas, N.D.)</subfield><subfield code="w">(DLC)sn 88076060</subfield></datafield></record>